<?xml version="1.0" encoding="UTF-8"?><collection xmlns="http://www.loc.gov/MARC21/slim"><record><leader>00299nam--2200121-i-4500</leader><controlfield tag="001">000049023</controlfield><controlfield tag="002">20161230</controlfield><controlfield tag="005">20161230201047</controlfield><controlfield tag="008">060222s1000------------r-----000-0-eng-d</controlfield><datafield ind1=" " ind2=" " tag="100"><subfield code="a">Akishin,A.I</subfield></datafield><datafield ind1=" " ind2=" " tag="245"><subfield code="a">Ionnaia bombardirovka v vakuume</subfield></datafield><datafield ind1=" " ind2=" " tag="260"><subfield code="a">Moskva, Gosenergoizdat, 1963. 143 S.</subfield></datafield><datafield ind1=" " ind2=" " tag="852"><subfield code="a">9164</subfield></datafield></record></collection>